<?xml version="1.0" encoding="UTF-8"?><record xmlns="http://www.loc.gov/MARC21/slim" xmlns:cinclude="http://apache.org/cocoon/include/1.0" xmlns:zs="http://www.loc.gov/zing/srw/">
  <leader>00380nz  a2200121n  4500</leader>
  <controlfield tag="001">n 2007068953</controlfield>
  <controlfield tag="003">DLC</controlfield>
  <controlfield tag="005">20070925075037.0</controlfield>
  <controlfield tag="008">070924n| acannaabn          |n aaa      </controlfield>
  <datafield tag="010" ind1=" " ind2=" ">
    <subfield code="a">n 2007068953</subfield>
  </datafield>
  <datafield tag="040" ind1=" " ind2=" ">
    <subfield code="a">DLC</subfield>
    <subfield code="b">eng</subfield>
    <subfield code="c">DLC</subfield>
  </datafield>
  <datafield tag="100" ind1="1" ind2=" ">
    <subfield code="a">Lăzărescu, Anca</subfield>
  </datafield>
  <datafield tag="670" ind1=" " ind2=" ">
    <subfield code="a">Capodopere din Evului Mediu românesc în Muzeul Național de Artă al României, 2006:</subfield>
    <subfield code="b">t.p. (Anca Lăzărescu)</subfield>
  </datafield>
</record>